<?xml version="1.0" encoding="UTF-8"?><collection xmlns="http://www.loc.gov/MARC21/slim"><record><leader>00405nam--2200169-u-4500</leader><controlfield tag="001">000051073</controlfield><controlfield tag="002">20161230</controlfield><controlfield tag="005">20161230201049</controlfield><controlfield tag="008">080515s1000------------r-----000-0-eng-d</controlfield><datafield ind1=" " ind2=" " tag="040"><subfield code="a">IFIN-HH</subfield></datafield><datafield ind1=" " ind2=" " tag="080"><subfield code="a">512.54</subfield></datafield><datafield ind1="1" ind2=" " tag="100"><subfield code="a">Borevicha,Z.I. s.a</subfield></datafield><datafield ind1="1" ind2="0" tag="245"><subfield code="a">Moduli i Algebraicheskie Gruppy</subfield></datafield><datafield ind1=" " ind2=" " tag="260"><subfield code="a">Leningrad</subfield><subfield code="b">Nauka</subfield><subfield code="c">1982</subfield></datafield><datafield ind1=" " ind2=" " tag="300"><subfield code="a">223 p</subfield></datafield><datafield ind1=" " ind2=" " tag="852"><subfield code="a">70817</subfield><subfield code="c">512</subfield></datafield><datafield ind1=" " ind2=" " tag="CAT"><subfield code="a">Sys</subfield><subfield code="c">20080515</subfield><subfield code="h">132253</subfield></datafield></record></collection>